\nocite{*}
@article{H69, 
 author = {Hoare, C. A. R.},
 title = {An Axiomatic Basis for Computer Programming},
 journal = {Commun. ACM},
 issue_date = {Oct. 1969},
 volume = {12},
 number = {10},
 month = oct,
 year = {1969},
 issn = {0001-0782},
 pages = {576--580},
 numpages = {5},
 url = {http://doi.acm.org/10.1145/363235.363259},
 doi = {10.1145/363235.363259},
 acmid = {363259},
 publisher = {ACM},
 address = {New York, NY, USA},
} 
@article{DvGH17,
  title={Analysing Mutual Exclusion using Process Algebra with Signals},
  author={Dyseryn, Victor and van Glabbeek, Rob and H{\"o}fner, Peter},
  journal={arXiv preprint arXiv:1709.00826},
  year={2017}
}
@inbook{GR01,
title = "Algebraic process verification",
author = "J.F. Groote and M.A. Reniers",
year = "2001",
language = "English",
isbn = "0-444-82830-3",
pages = "1151--1208",
booktitle = "Handbook of Process Algebra",
publisher = "Elsevier",
address = "Netherlands",
}